<?xml version="1.0" encoding="UTF-8"?>
<collection xmlns="http://www.loc.gov/MARC21/slim">
   <record>
      <leader>00000nz  a2200000nc 4500</leader>
      <controlfield tag="001">institutions/51007868</controlfield>
      <controlfield tag="003">DE-633</controlfield>
      <controlfield tag="005">20250620052318.0</controlfield>
      <controlfield tag="008">240409||||z|||a|||||||||||||||||n||||||d</controlfield>
      <datafield tag="024" ind1="7" ind2=" ">
         <subfield code="a">RC-NTCfjac</subfield>
         <subfield code="q">siglum</subfield>
         <subfield code="2">rism</subfield>
      </datafield>
      <datafield tag="040" ind1=" " ind2=" ">
         <subfield code="a">DE-633</subfield>
         <subfield code="c">DE-633</subfield>
         <subfield code="e">rismg</subfield>
      </datafield>
      <datafield tag="110" ind1="1" ind2=" ">
         <subfield code="a">Fu Jen Academia Catholica</subfield>
         <subfield code="c">New Taipei City</subfield>
         <subfield code="g">RC-NTCfjac</subfield>
      </datafield>
      <datafield tag="368" ind1=" " ind2=" ">
         <subfield code="a">Institution</subfield>
         <subfield code="a">Library</subfield>
      </datafield>
      <datafield tag="371" ind1=" " ind2=" ">
         <subfield code="a">4F, Zong Zhuozhang Memorial Building (DG)</subfield>
         <subfield code="a">Fu Jen Catholic University</subfield>
         <subfield code="a">No.510, Zhongzheng Rd., Xinzhuang Dist.,</subfield>
         <subfield code="b">New Taipei City 242062</subfield>
         <subfield code="d">Taiwan (R.O.C.)</subfield>
         <subfield code="m">FJAC@mail.fju.edu.tw</subfield>
         <subfield code="u">http://www.fjac.fju.edu.tw/</subfield>
         <subfield code="z">tel: +886 / 2 2905 3111</subfield>
         <subfield code="z">fax: +886 / 2 2905 2170</subfield>
      </datafield>
      <datafield tag="551" ind1="1" ind2=" ">
         <subfield code="a">New Taipei City</subfield>
         <subfield code="0">places/50020812</subfield>
      </datafield>
   </record>