
   <record>
      <leader>00000nz  a2200000nc 4500</leader>
      <controlfield tag="001">institutions/51005802</controlfield>
      <controlfield tag="003">DE-633</controlfield>
      <controlfield tag="005">20250620052304.0</controlfield>
      <controlfield tag="008">211110||||z|||a|||||||||||||||||n||||||d</controlfield>
      <datafield tag="024" ind1="7" ind2=" ">
         <subfield code="a">138005199</subfield>
         <subfield code="2">VIAF</subfield>
      </datafield>
      <datafield tag="024" ind1="7" ind2=" ">
         <subfield code="a">Q6978831</subfield>
         <subfield code="2">WKP</subfield>
      </datafield>
      <datafield tag="024" ind1="7" ind2=" ">
         <subfield code="a">RC-TACso</subfield>
         <subfield code="q">siglum</subfield>
         <subfield code="2">rism</subfield>
      </datafield>
      <datafield tag="040" ind1=" " ind2=" ">
         <subfield code="a">DE-633</subfield>
         <subfield code="c">DE-633</subfield>
         <subfield code="e">rismg</subfield>
      </datafield>
      <datafield tag="110" ind1="1" ind2=" ">
         <subfield code="a">National Taiwan Symphony Orchestra</subfield>
         <subfield code="c">Taichung City</subfield>
         <subfield code="g">RC-TACso</subfield>
      </datafield>
      <datafield tag="368" ind1=" " ind2=" ">
         <subfield code="a">Institution</subfield>
         <subfield code="a">Performer</subfield>
         <subfield code="a">Library</subfield>
      </datafield>
      <datafield tag="371" ind1=" " ind2=" ">
         <subfield code="a">738-2 Chung-Cheng Rd. Wufeng</subfield>
         <subfield code="b">Taichung 413 TAIWAN, R.O.C.</subfield>
         <subfield code="d">Republic of China</subfield>
         <subfield code="u">https://en.ntso.gov.tw/home/en-us</subfield>
         <subfield code="z">tel: +886-4-23391141</subfield>
         <subfield code="z">fax: +886-4-23399072</subfield>
      </datafield>
      <datafield tag="510" ind1="2" ind2=" ">
         <subfield code="a">國立臺灣交響樂團</subfield>
      </datafield>
      <datafield tag="510" ind1="2" ind2=" ">
         <subfield code="a">Guólì Táiwān Jiāoxiǎng Yuètuán</subfield>
      </datafield>
      <datafield tag="551" ind1="1" ind2=" ">
         <subfield code="a">Taichung City</subfield>
         <subfield code="0">places/50004466</subfield>
      </datafield>
      <datafield tag="667" ind1=" " ind2=" ">
         <subfield code="a">Published sources: 123</subfield>
      </datafield>
   </record>