
   <record>
      <leader>00000nz  a2200000nc 4500</leader>
      <controlfield tag="001">institutions/30080504</controlfield>
      <controlfield tag="003">DE-633</controlfield>
      <controlfield tag="005">20250620052131.0</controlfield>
      <controlfield tag="008">161109||||z|||a|||||||||||||||||n||||||d</controlfield>
      <datafield tag="024" ind1="7" ind2=" ">
         <subfield code="a">RC-TCdacm</subfield>
         <subfield code="q">siglum</subfield>
         <subfield code="2">rism</subfield>
      </datafield>
      <datafield tag="034" ind1="1" ind2=" ">
         <subfield code="d">121.527280</subfield>
         <subfield code="f">25.026461</subfield>
      </datafield>
      <datafield tag="040" ind1=" " ind2=" ">
         <subfield code="a">DE-633</subfield>
         <subfield code="c">DE-633</subfield>
         <subfield code="e">rismg</subfield>
      </datafield>
      <datafield tag="110" ind1="1" ind2=" ">
         <subfield code="a">Digital Archive Center for Music (DACM)</subfield>
         <subfield code="c">Taipei City</subfield>
         <subfield code="g">RC-TCdacm</subfield>
      </datafield>
      <datafield tag="368" ind1=" " ind2=" ">
         <subfield code="a">Institution</subfield>
         <subfield code="a">Archive</subfield>
         <subfield code="a">Library</subfield>
      </datafield>
      <datafield tag="371" ind1=" " ind2=" ">
         <subfield code="a">Daan District, No. 162, Sect. 1, Heping East Rd.</subfield>
         <subfield code="b">Taipei City</subfield>
         <subfield code="d">Republic of China</subfield>
         <subfield code="e">10644</subfield>
         <subfield code="m">tz_chia@ntnu.edu.tw</subfield>
         <subfield code="u">https://en.ntnu.edu.tw/p-centerdacm.php</subfield>
         <subfield code="z">contact: Tzu-Chia Tseng</subfield>
         <subfield code="z">tel: +886-2-77491692</subfield>
      </datafield>
      <datafield tag="410" ind1=" " ind2=" ">
         <subfield code="a">National Taiwan Normal University (NTNU)</subfield>
      </datafield>
      <datafield tag="551" ind1="1" ind2=" ">
         <subfield code="a">Taipei City</subfield>
         <subfield code="0">places/3905688</subfield>
      </datafield>
      <datafield tag="667" ind1=" " ind2=" ">
         <subfield code="a">Published sources: 12</subfield>
      </datafield>
   </record>